@inproceedings{DBLP:conf/rc/MillerSD14,
  author    = {D. Michael Miller and
               Mathias Soeken and
               Rolf Drechsler},
  title     = {Mapping {NCV} Circuits to Optimized {Clifford+T} Circuits},
  booktitle = {Reversible Computation - 6th International Conference, {RC} 2014,
               Kyoto, Japan, July 10-11, 2014. Proceedings},
  pages     = {163--175},
  year      = {2014},
  url       = {https://doi.org/10.1007/978-3-319-08494-7_13},
  doi       = {10.1007/978-3-319-08494-7_13},
  timestamp = {Thu, 15 Jun 2017 21:43:05 +0200},
  biburl    = {http://dblp.uni-trier.de/rec/bib/conf/rc/MillerSD14},
  bibsource = {dblp computer science bibliography, http://dblp.org}
}

@misc{IBMQ,
  title = {{IBM Q}},
  howpublished = {\url{https://www.research.ibm.com/ibm-q/}},
  note = {Accessed: 2017-09-05}
}

@misc{IBMQ_info,
  title = {{IBM QX2 Backend Information}},
  howpublished = {\url{https://github.com/QISKit/ibmqx-backend-information/blob/master/backends/ibmqx2/README.md}},
  note = {Accessed: 2017-09-05}
}

@misc{Qbench,
  author = {
    Martin Roetteler and 
    Mathias Soeken and
    Nathan Wiebe},
  title = {{Reversible Logic Synthesis and Quantum Computing Benchmarks}},
  howpublished = {\url{http://quantumfpl.stationq.com/}},
  note = {Accessed: 2017-09-19}
}